@article{ JSYZ2024082301S,
	author = { 郭威帅 and  郭锐 and  孙宏浩 and  安然 },
	title = {装配阶段发动机导管二次设计方法研究},
	journal = {机械设计与制造},
	pages = {1-6},
	issn = {1001-3997},
	doi = {10.19356/j.cnki.1001-3997.20240824.008}
}
@article{ XZJH202408011,
	author = { 余筱琴 },
	title = {数学建模视角下的高中化学解题策略研究},
	journal = {西藏教育},
	volume = {},
	number = {08},
	pages = {38-42},
	year = {2024},
	issn = {1004-5880},
}
@article{ JGDJ202416007,
	author = { 王瑞雪 and  王雪 and  周果清 and  肖照林 and  王庆 },
	title = {基于梯度下降深度均衡模型的动态光场重建（特邀）},
	journal = {激光与光电子学进展},
	volume = {61},
	number = {16},
	pages = {93-100},
	year = {2024},
	issn = {1006-4125},
}